@Book{山崎69,
   Author = "山崎 恒善",
   Title = "日本語とモンゴル語",
   Publisher = "善修館書店",
   Address = "大阪",
   Year = 1969,
   Yomi = "やまさき",
}
@Article{山崎91a,
   Author = "山崎 恒善",
   Title = "最近の言語学の成果",
   Journal = "言語の友",
   Year = 1991,
   Volume = 23,
   Pages = "12--17",
   Yomi = "やまさき",
}
@Book{山崎91b,
   Author = "山崎 恒善",
   Title = "文化と文明",
   Publisher = "生善社",
   Address = "大阪",
   Year = 1991,
   Yomi = "やまさき",
}
@Book{吉原93,
   Author = "吉原 源三郎",
   Title = "伝日本語人論",
   Publisher = "奇狂出版",
   Address = "大阪",
   Year = 1992,
   Yomi = "よしわら",
}
@Book{木村81,
   Author = 	 "木村 鷹太郎",
   Year = 	 "1981",
   Title = 	 "海洋渡来日本史",
   Publisher = 	 "日本シェル出版",
   Address =	 "東京",
   Note =	 "復刻版, 初版は明治時代",
   Yomi = "きむら",
}
@InCollection{清水86,
   Author = 	 "清水 義範",
   Title = 	 "序文",
   Booktitle =	 "蕎麦ときしめん",
   Publisher = 	 "講談社",
   Address =	 "東京",
   Year = 	 "1986",
   Pages =	 "79--105",
   Yomi = "しみず",
}
}
@Book{と学会95,
   Author = 	 "と学会編",
   Year = 	 "1995",
   Title = 	 "トンデモ本の世界 MONDO TONDEMO",
   Publisher = 	 "洋泉社",
   Address =	 "東京",
   Yomi = "とがくかい",
}
@Book{スミサナ92,
   Author = 	 "ドン・R・スミサナ",
   Year = 	 "1992",
   Title = 	 "古代、アメリカは日本だった!",
   Publisher = 	 "徳間書店",
   Address =	 "東京",
   Note =	 "原題: America: Land of Rising Sun, 吉田信啓訳",
   Yomi = "すみさな",
}
@Book{藤村89,
   Author = 	 "藤村 由加",
   Year = 	 "1989",
   Title = 	 "人麻呂の暗号",
   Publisher = 	 "新潮社",
   Address =	 "東京",
   Yomi = "ふじむら",
}
@Book{安田55,
   Author = 	 "安田 徳太郎",
   Year = 	 "1955",
   Title = 	 "万葉集の謎",
   Publisher = 	 "光文社",
   Address =	 "東京",
   Note =	 "1993年にたま出版から『古代日本人の謎』として復刻",
   Yomi = "やすだ",
}
@Book{安本91,
   Author = 	 "安本 美典",
   Year = 	 "1991",
   Title = 	 "新・朝鮮語で万葉集は解読できない",
   Publisher = 	 "JICC出版局",
   Address =	 "東京",
   Yomi = "やすもと",
}
@Book{吉田91,
   Author = 	 "吉田 信啓",
   Year = 	 "1991",
   Title = 	 "超古代、日本語が地球共通語だった!",
   Publisher = 	 "徳間書店",
   Address =	 "東京",
   Yomi = "よしだ",
}
@Book{李89,
   Author = 	 "李 寧煕",
   Year = 	 "1989",
   Title = 	 "もうひとつの万葉集",
   Publisher = 	 "文藝春秋",
   Address =	 "東京",
   Yomi = "り",
}

