@Article{Moeko,
   Author = "Moemoe",
   Title = "Moeko",
   Journal = "AyumuLove",
   Year = "2020",
   Volume = "7",
   Pages = "1000"
}
